<?xml version="1.0" encoding="UTF-8"?>
<SOAP-ENV:Envelope xmlns:SOAP-ENV="http://schemas.xmlsoap.org/soap/envelope/" xmlns:of="http://oss.dbc.dk/ns/openformat" xmlns:ofo="http://oss.dbc.dk/ns/openformatoutput"><SOAP-ENV:Body><of:formatResponse><marc:record xmlns:marc="http://www.loc.gov/MARC21/slim"><leader>00000nem a22000000c 4500</leader><controlfield tag="001">870970:45056171</controlfield><controlfield tag="003">DKDLA</controlfield><controlfield tag="005">20110526170209.0</controlfield><controlfield tag="007">a|||a|||</controlfield><controlfield tag="008">110526s2011    gw |||||||||||||||||eng||</controlfield><datafield ind1=" " ind2="0" tag="245"><subfield code="a">Bolivia, Paraguay</subfield></datafield><datafield ind1=" " ind2=" " tag="250"><subfield code="a">Edition 2011</subfield></datafield><datafield ind1=" " ind2=" " tag="255"><subfield code="a">1:2 500 000</subfield></datafield><datafield ind1=" " ind2=" " tag="260"><subfield code="b">Nelles,</subfield><subfield code="c">2011</subfield></datafield><datafield ind1=" " ind2=" " tag="490"><subfield code="a">Nelles map</subfield></datafield></marc:record></of:formatResponse></SOAP-ENV:Body></SOAP-ENV:Envelope>
